<record><leader>00000cas a2200000 a 4500</leader><controlfield tag="001">15528187</controlfield><controlfield tag="008">870414d1838184uncuwr ne      0    0eng d</controlfield><datafield ind1=" " ind2=" " tag="010"><subfield code="a">sn 87060202 </subfield></datafield><datafield ind1=" " ind2=" " tag="040"><subfield code="a">KNP</subfield><subfield code="b">eng</subfield><subfield code="c">KNP</subfield><subfield code="d">PPM</subfield><subfield code="d">NYS</subfield><subfield code="d">KNP</subfield><subfield code="d">SVN</subfield><subfield code="d">NVJ</subfield><subfield code="d">OCL</subfield><subfield code="d">OCLCQ</subfield><subfield code="d">OCLCF</subfield><subfield code="d">OCLCO</subfield></datafield><datafield ind1="1" ind2=" " tag="029"><subfield code="a">AU@</subfield><subfield code="b">000020129010</subfield></datafield><datafield ind1=" " ind2=" " tag="042"><subfield code="a">msc</subfield></datafield><datafield ind1=" " ind2=" " tag="043"><subfield code="a">n-us-sc</subfield><subfield code="a">n-us-nc</subfield></datafield><datafield ind1="0" ind2="4" tag="245"><subfield code="a">The Biblical recorder and southern watchman.</subfield></datafield><datafield ind1="3" ind2="0" tag="246"><subfield code="a">Southern watchman</subfield></datafield><datafield ind1=" " ind2=" " tag="260"><subfield code="a">Raleigh [N.C.] ;</subfield><subfield code="a">Charleston [S.C.] :</subfield><subfield code="b">T. Meredith,</subfield><subfield code="c">1838-</subfield></datafield><datafield ind1=" " ind2=" " tag="300"><subfield code="a">v.</subfield></datafield><datafield ind1=" " ind2=" " tag="310"><subfield code="a">Weekly</subfield></datafield><datafield ind1="0" ind2=" " tag="362"><subfield code="a">Vol. 4, no. 8 (Mar. 3, 1838)- = whole no. 159-</subfield></datafield><datafield ind1=" " ind2="0" tag="651"><subfield code="a">Charleston (S.C.)</subfield><subfield code="v">Newspapers.</subfield></datafield><datafield ind1=" " ind2="0" tag="651"><subfield code="a">Raleigh (N.C.)</subfield><subfield code="v">Newspapers.</subfield></datafield><datafield ind1=" " ind2="7" tag="655"><subfield code="a">Newspapers.</subfield><subfield code="2">fast</subfield><subfield code="0">(OCoLC)fst01423814</subfield></datafield><datafield ind1=" " ind2="7" tag="651"><subfield code="a">North Carolina</subfield><subfield code="z">Raleigh.</subfield><subfield code="2">fast</subfield><subfield code="0">(OCoLC)fst01206341</subfield></datafield><datafield ind1=" " ind2="7" tag="651"><subfield code="a">South Carolina</subfield><subfield code="z">Charleston.</subfield><subfield code="2">fast</subfield><subfield code="0">(OCoLC)fst01204603</subfield></datafield><datafield ind1=" " ind2=" " tag="752"><subfield code="a">United States</subfield><subfield code="b">North Carolina</subfield><subfield code="c">Wake</subfield><subfield code="d">Raleigh.</subfield></datafield><datafield ind1=" " ind2=" " tag="752"><subfield code="a">United States</subfield><subfield code="b">South Carolina</subfield><subfield code="c">Charleston</subfield><subfield code="d">Charleston.</subfield></datafield><datafield ind1="0" ind2="4" tag="780"><subfield code="t">Biblical recorder (Newbern, N.C.)</subfield><subfield code="w">(DLC)sn 89071087</subfield><subfield code="w">(OCoLC)19468373</subfield></datafield><datafield ind1="0" ind2="4" tag="780"><subfield code="t">Southern watchman and general intelligencer</subfield><subfield code="w">(DLC)sn 89071040</subfield><subfield code="w">(OCoLC)18783237</subfield></datafield><datafield ind1="0" ind2="0" tag="785"><subfield code="t">Biblical recorder (Raleigh, N.C.)</subfield><subfield code="w">(DLC)sn 89071083</subfield><subfield code="w">(OCoLC)19468522</subfield></datafield></record>